
@article{deo2015application,
  title={Application of the extreme learning machine algorithm for the prediction of monthly Effective Drought Index in eastern Australia},
  author={Deo, Ravinesh C and {\c{S}}ahin, Mehmet},
  journal={Atmospheric Research},
  volume={153},
  pages={512--525},
  year={2015},
  publisher={Elsevier}
}

@article{li2016comparison,
  title={A comparison of machine learning algorithms for mapping of complex surface-mined and agricultural landscapes using ZiYuan-3 stereo satellite imagery},
  author={Li, Xianju and Chen, Weitao and Cheng, Xinwen and Wang, Lizhe},
  journal={Remote sensing},
  volume={8},
  number={6},
  pages={514},
  year={2016},
  publisher={Multidisciplinary Digital Publishing Institute}
}

@article{fourcade2018paintings,
  title={Paintings predict the distribution of species, or the challenge of selecting environmental predictors and evaluation statistics},
  author={Fourcade, Yoan and Besnard, Aurelien G and Secondi, Jean},
  journal={Global Ecology and Biogeography},
  volume={27},
  number={2},
  pages={245--256},
  year={2018},
  publisher={Wiley Online Library}
}

@Article{LARY20163,
  Title                    = {Machine learning in geosciences and remote sensing},
  Author                   = {Lary, David J. and Alavi, Amir H. and Gandomi, Amir H. and Walker, Annette L.},
  Journal                  = {Geoscience Frontiers},
  Year                     = {2016},
  Note                     = {Special Issue: Progress of Machine Learning in Geosciences},
  Number                   = {1},
  Pages                    = {3 - 10},
  Volume                   = {7},
  Doi                      = {https://doi.org/10.1016/j.gsf.2015.07.003},
  ISSN                     = {1674-9871},
}

@book{weisman2008world,
  title={The world without us},
  author={Weisman, Alan},
  isbn={9781448133475},
  year={2012},
  pages={336},
  publisher={Ebury Publishing},
}

@article{OstbyeHemsing2012,
author = { {\O}stbye Hemsing, Lars and Bryn, Anders},
title = {Three methods for modelling potential natural vegetation (PNV) compared: A methodological case study from south-central Norway},
journal = {Norsk Geografisk Tidsskrift --- Norwegian Journal of Geography},
volume = {66},
number = {1},
pages = {11-29},
year  = {2012},
publisher = {Routledge},
doi = {10.1080/00291951.2011.644321},
}

@Article{mlr2016,
  title = {{mlr: Machine Learning in R}},
  author = {Bernd Bischl and Michel Lang and Lars Kotthoff and Julia
    Schiffner and Jakob Richter and Erich Studerus and Giuseppe
      Casalicchio and Zachary M. Jones},
  journal = {Journal of Machine Learning Research},
  year = {2016},
  volume = {17},
  number = {170},
  pages = {1-5},
  url = {http://jmlr.org/papers/v17/15-066.html},
}

@inproceedings{Brenning2012, 
author={A. Brenning}, 
booktitle={2012 IEEE International Geoscience and Remote Sensing Symposium}, 
title={{Spatial cross-validation and bootstrap for the assessment of prediction rules in remote sensing: The R package sperrorest}}, 
year={2012}, 
volume={}, 
number={}, 
pages={5372-5375}, 
doi={10.1109/IGARSS.2012.6352393}, 
ISSN={2153-6996},
month={July},
}

@inproceedings{Chen2016,
 author = {Chen, Tianqi and Guestrin, Carlos},
 title = {{XGBoost: A Scalable Tree Boosting System}},
 booktitle = {Proceedings of the 22Nd ACM SIGKDD International Conference on Knowledge Discovery and Data Mining},
 series = {KDD '16},
 year = {2016},
 isbn = {978-1-4503-4232-2},
 location = {San Francisco, California, USA},
 pages = {785--794},
 numpages = {10},
 url = {http://doi.acm.org/10.1145/2939672.2939785},
 doi = {10.1145/2939672.2939785},
 acmid = {2939785},
 publisher = {ACM},
 address = {New York, NY, USA},
 keywords = {large-scale machine learning},
}

@article {Griscom11645,
	author = {Griscom, Bronson W. and Adams, Justin and Ellis, Peter W. and Houghton, Richard A. and Lomax, Guy and Miteva, Daniela A. and Schlesinger, William H. and Shoch, David and Siikam{\"a}ki, Juha V. and Smith, Pete and Woodbury, Peter and Zganjar, Chris and Blackman, Allen and Campari, Jo{\~a}o and Conant, Richard T. and Delgado, Christopher and Elias, Patricia and Gopalakrishna, Trisha and Hamsik, Marisa R. and Herrero, Mario and Kiesecker, Joseph and Landis, Emily and Laestadius, Lars and Leavitt, Sara M. and Minnemeyer, Susan and Polasky, Stephen and Potapov, Peter and Putz, Francis E. and Sanderman, Jonathan and Silvius, Marcel and Wollenberg, Eva and Fargione, Joseph},
	title = {Natural climate solutions},
	volume = {114},
	number = {44},
	pages = {11645--11650},
	year = {2017},
	doi = {10.1073/pnas.1710465114},
	publisher = {National Academy of Sciences},
	issn = {0027-8424},
	URL = {http://www.pnas.org/content/114/44/11645},
	eprint = {http://www.pnas.org/content/114/44/11645.full.pdf},
	journal = {Proceedings of the National Academy of Sciences}
}

@article{hansen2013high,
  Title                    = {High-Resolution Global Maps of 21st-Century Forest Cover Change},
  Author                   = {Hansen, M. C. and Potapov, P. V. and Moore, R. and Hancher, M. and Turubanova, S. A. and Tyukavina, A. and Thau, D. and Stehman, S. V. and Goetz, S. J. and Loveland, T. R. and Kommareddy, A. and Egorov, A. and Chini, L. and Justice, C. O. and Townshend, J. R. G.},
  Journal                  = {Science},
  Year                     = {2013},
  Number                   = {6160},
  Pages                    = {850--853},
  Volume                   = {342},
  Doi                      = {10.1126/science.1244693},
  ISSN                     = {0036-8075},
  Publisher                = {American Association for the Advancement of Science},
}

@book{Potapov2011,
  title={{Global Map of Potential Forest Cover}},
  author={Potapov, P. and Laestadius, L. and Minnemeyer, S.},
  year={2011},
  url={http://globalforestwatch.org},
  publisher={World Resources Institute}
}

@article{Simard2011,
author = {Simard, Marc and Pinto, Naiara and Fisher, Joshua B. and Baccini, Alessandro},
title = {Mapping forest canopy height globally with spaceborne lidar},
journal = {Journal of Geophysical Research: Biogeosciences},
volume = {116},
number = {G4},
pages = {NA},
year = {2011},
doi = {10.1029/2011JG001708}
}

@article{peerj.preprints.26693v1,
 title = {Random Forest as a generic framework for predictive modeling of spatial and spatio-temporal variables},
 author = {Hengl, Tomislav and Nussbaum, Madlene and Wright, Marvin N and Heuvelink, Gerard B.M.},
 year = 2018,
 month = mar,
 volume = 6,
 pages = {e26693v1},
 journal = {PeerJ Preprints},
 issn = {2167-9843},
 url = {https://doi.org/10.7287/peerj.preprints.26693v1},
 doi = {10.7287/peerj.preprints.26693v1}
}

@phdthesis{michailidis2017investigating,
  title={Investigating machine learning methods in recommender systems},
  author={Michailidis, Marios},
  year={2017},
  school={UCL (University College London)}
}

@article{marinova2018pollen,
  title={{Pollen-derived biomes in the Eastern Mediterranean--Black Sea--Caspian-Corridor}},
  author={Marinova, Elena and Harrison, Sandy P. and Bragg, Fran and Connor, Simon and Laet, Veronique and Leroy, Suzanne A.G. and Mudie, Petra and Atanassova, Juliana and Bozilova, Elissaveta and Caner, H{\"u}lya and Cordova, Carlos and Djamali, Morteza and Filipova-Marinova, Mariana and Gerasimenko, Natalia and Jahns, Susanne and Kouli, Katerina and Kotthoff, Ulrich and Kvavadze, Eliso and Lazarova, Maria and Novenko, Elena and Ramezani, Elias and R{\"o}pke, Astrid and Shumilovskikh, Lyudmila and Tant{\^a}u, Ioan and Tonkov, Spassimir},
  journal={Journal of Biogeography},
  volume={45},
  number={2},
  pages={484--499},
  year={2018},
  publisher={Wiley Online Library}
}

@article{pickett2004pollen,
  title={{Pollen-based reconstructions of biome distributions for Australia, Southeast Asia and the Pacific (SEAPAC region) at 0, 6000 and 18,000 14C yr BP}},
  author={Pickett, Elizabeth J. and Harrison, Sandy P. and Hope, Geoff and Harle, Kate and Dodson, John R. and Peter Kershaw, A. and Colin Prentice, I. and Backhouse, John and Colhoun, Eric A. and D'Costa, Donna and Flenley, John and Grindrod, John and Haberle, Simon and Hassell, Cleve and Kenyon, Christine and Macphail, Mike and Martin, Helene and Martin, Anthony H. and McKenzie, Merna and Newsome, Jane C. and Penny, Daniel and Powell, Jocelyn and Ian Raine, J. and Southern, Wendy and Stevenson, Janelle and Sutra, Jean-Pierre and Thomas, Ian and Kaars, Sander and Ward, Jerome},
  journal={Journal of Biogeography},
  volume={31},
  number={9},
  pages={1381--1444},
  year={2004},
  publisher={Wiley Online Library}
}

@article{bigelow2003climate,
  title={{Climate change and Arctic ecosystems: 1. Vegetation changes north of 55 N between the last glacial maximum, mid-Holocene, and present}},
  author={Bigelow, Nancy H. and Brubaker, Linda B. and Edwards, Mary E. and Harrison, Sandy P. and Prentice, I. Colin and Anderson, Patricia M. and Andreev, Andrei A. and Bartlein, Patrick J. and Christensen, Torben R. and Cramer, Wolfgang and Kaplan, Jed O. and Lozhkin, Anatoly V. and Matveyeva, Nadja V. and Murray, David F. and McGuire, A. David and Razzhivin, Volodya Y. and Ritchie, James C. and Smith, Benjamin and Walker, Donald A. and Gajewski, Konrad and Wolf, Victoria and Holmqvist Bj{\"o}rn, H. and Igarashi, Yaeko and Kremenetskii, Konstantin and Paus, Aage and Pisaric, Michael F. J. and Volkova, Valentina S.},
  journal={Journal of Geophysical Research: Atmospheres},
  volume={108},
  number={D19},
  year={2003},
  publisher={Wiley Online Library}
}

@article{harrison2001plant,
  title={{Plant diversity and palaeovegetation in East Asia}},
  author={Harrison, SP and Yu, G and Takahara, H and Prentice, IC},
  journal={Nature},
  volume={413},
  pages={129--130},
  year={2001}
}

@article{prentice2000mid,
  title={Mid-Holocene and glacial-maximum vegetation geography of the northern continents and Africa},
  author={Prentice, I Colin and Jolly, Dominique},
  journal={Journal of Biogeography},
  volume={27},
  number={3},
  pages={507--519},
  year={2000},
  publisher={Wiley Online Library}
}

@book{carnahan1989australia,
  title={Australia natural vegetation: Australia's vegetation in the 1780's},
  author={Carnahan, JA},
  year={1989},
  publisher={Australian Surveying and Land Information Group, Dept. of Administrative Services},
  address={Queensland, Australia}
}

@article{bohn2007map,
  title={The Map of the Natural Vegetation of Europe and its application in the Caucasus Ecoregion},
  author={Bohn, Udo and Zazanashvili, Nugzar and Nakhutsrishvili, George},
  journal={Bulletin of the Georgian National Academy of Sciences},
  volume={175},
  pages={112--121},
  year={2007}
}

@misc{rdgdr109,
  title = {{EMBSeCBIO modern pollen biomisation}},
  author = {Harrison, Sandy P. and Marinova, Elena},
  publisher = {University of Reading},
  year = {2017},
}

@article{marchant2009pollen,
  title={Pollen-based biome reconstructions for Latin America at 0, 6000 and 18 000 radiocarbon years ago},
  author={Marchant, R. and Cleef, A. and Harrison, S. P. and Hooghiemstra, H. and Markgraf, V. and van Boxel, J. and Ager, T. and Almeida, L. and Anderson, R. and Baied, C. and Behling, H. and Berrio, J. C. and Burbridge, R. and Bj{\"o}rck, S. and Byrne, R. and Bush, M. and Duivenvoorden, J. and Flenley, J. and De Oliveira, P. and van Geel, B. and Graf, K. and Gosling, W. D. and Harbele, S. and van der Hammen, T. and Hansen, B. and Horn, S. and Kuhry, P. and Ledru, M.-P. and Mayle, F. and Leyden, B. and Lozano-Garcia, S. and Melief, A. M. and Moreno, P. and Moar, N. T. and Prieto, A. and van Reenen, G. and Salgado-Labouriau, M. and Sch{\"a}bitz, F. and Schreve-Brinkman, E. J. and Wille, M.},
  journal={Climate of the Past},
  volume={5},
  pages={725--767},
  year={2009}
}

@article{herrick2013global,
  title={{The global Land-Potential Knowledge System (LandPKS): Supporting evidence-based, site-specific land use and management through cloud computing, mobile applications, and crowdsourcing}},
  author={Herrick, Jeffrey E and Urama, Kevin C and Karl, Jason W and Boos, John and Johnson, Mari-Vaughn V and Shepherd, Keith D and Hempel, Jon and Bestelmeyer, Brandon T. and Davies, Jonathan and Larson Guerra, Jorge and Kosnik, Chris and Kimiti, David W. and Losinyen Ekai, Abraham and Muller, Kit and Norfleet, Lee and Ozor, Nicholas and Reinsch, Thomas and Sarukhan, Jos{\'e} and West, Larry T.},
  journal={Journal of Soil and Water Conservation},
  volume={68},
  number={1},
  pages={5A--12A},
  year={2013},
  publisher={Soil and Water Conservation Society}
}

@article {GGGE:GGGE2352,
author = {Hartmann, Jens and Moosdorf, Nils},
title = {{The new global lithological map database GLiM: A representation of rock properties at the Earth surface}},
journal = {Geochemistry, Geophysics, Geosystems},
volume = {13},
number = {12},
issn = {1525-2027},
doi = {10.1029/2012GC004370},
pages = {n/a--n/a},
year = {2012},
}

@article{usman2015agm2015,
  title={AGM2015: Antineutrino Global Map 2015},
  author={Usman, Shawn M and Jocher, Glenn R and Dye, Stephen T and McDonough, William F and Learned, John G},
  journal={Scientific reports},
  volume={5},
  year={2015},
  publisher={Nature Publishing Group}
}

@article{weiss2018global,
  title={A global map of travel time to cities to assess inequalities in accessibility in 2015},
  author={Weiss, D. J. and Nelson, A. and Gibson, H. S. and Temperley, W. and Peedell, S. and Lieber, A. and Hancher, M. and Poyart, E. and Belchior, S. and Fullman, N. and Mappin, B. and Dalrymple, U. and Rozier, J. and Lucas, T. C. D. and Howes, R. E. and Tusting, L. S. and Kang, S. Y. and Cameron, E. and Bisanzio, D. and Battle, K. E. and Bhatt, S. and Gething, P. W.},
  journal={Nature},
  Month = jan,
  Pages = {333--},
  Volume = {553},
  year={2018},
  publisher={Nature Publishing Group}
}

@article{edler2016infomap,
  title={{Infomap Bioregions: Interactive mapping of biogeographical regions from species distributions}},
  author={Edler, Daniel and Guedes, Tha{\'\i}s and Zizka, Alexander and Rosvall, Martin and Antonelli, Alexandre},
  journal={Systematic biology},
  volume={66},
  number={2},
  pages={197--204},
  year={2016},
  publisher={Oxford University Press}
}

@article{mauri2017eu,
  title={{EU-Forest, a high-resolution tree occurrence dataset for Europe}},
  author={Mauri, Achille and Strona, Giovanni and San-Miguel-Ayanz, Jes{\'u}s},
  journal={Scientific data},
  volume={4},
  pages={160123},
  year={2017},
  publisher={Nature Publishing Group}
}

@incollection{Harrison2012403,
title = "Chapter 14 --- Records from the Past, Lessons for the Future: What the Palaeorecord Implies about Mechanisms of Global Change ",
editor = "Henderson-Sellers, Ann and McGuffie, Kendal",
booktitle = "The Future of the World's Climate (Second Edition) ",
publisher = "Elsevier",
edition = "Second Edition",
address = "Boston",
year = "2012",
pages = "403 - 436",
isbn = "978-0-12-386917-3",
doi = "https://doi.org/10.1016/B978-0-12-386917-3.00014-2",
author = "Harrison, Sandy P. and Bartlein, Pat"
}


@article{braconnot2012evaluation,
  title={Evaluation of climate models using palaeoclimatic data},
  author={Braconnot, Pascale and Harrison, Sandy P and Kageyama, Masa and Bartlein, Patrick J and Masson-Delmotte, Valerie and Abe-Ouchi, Ayako and Otto-Bliesner, Bette and Zhao, Yan},
  journal={Nature Climate Change},
  volume={2},
  number={6},
  pages={417--424},
  year={2012},
  publisher={Nature Research}
}

@article{meinshausen2006quantile,
  title={Quantile regression forests},
  author={Meinshausen, Nicolai},
  journal={Journal of Machine Learning Research},
  volume={7},
  number={Jun},
  pages={983--999},
  year={2006}
}

@book{borda2011fundamentals,
  title={Fundamentals in Information Theory and Coding},
  author={Borda, M.},
  isbn={9783642203473},
  lccn={2011925863},
  year={2011},
  publisher={Springer Berlin Heidelberg}
}

@ARTICLE{Shannon1949,
  author = {Shannon, C.~E.},
  title = {Communication in the presence of noise},
  journal = {Proc. Institute of Radio Engineers},
  year = {1949},
  volume = {37},
  pages = {10-21},
  number = {1}
}

@Manual{ROCR,
  title  = {\textsf{ROCR}: Visualizing the Performance of Scoring Classifiers},
  author = {Sing, Tobias and Sander, Oliver and Beerenwinkel, Niko and Lengauer, Thomas},
  year   = {2016},
  note   = {R~package version~1.0.7},
  url    = {http://CRAN.R-project.org/package=ROCR},
}

@Manual{kuhn2014cubist,
  title={Cubist: rule-and instance-based regression modeling},
  author={Kuhn, Max and Weston, Steve and Keefer, Chris and Coulter, Nathan and Quinlan, R},
  note={R package version 0.2.2},
  year={2017},
  url    = {http://CRAN.R-project.org/package=Cubist},
}

@article{fick2017worldclim,
  title={WorldClim 2: new 1-km spatial resolution climate surfaces for global land areas},
  author={Fick, Stephen E and Hijmans, Robert J},
  journal={International Journal of Climatology},
  year={2017},
  publisher={Wiley Online Library}
}

@article{potapov2008mapping,
  title={Mapping the world’s intact forest landscapes by remote sensing},
  author={Potapov, Peter and Yaroshenko, Aleksey and Turubanova, Svetlana and Dubinin, Maxim and Laestadius, Lars and Thies, Christoph and Aksenov, Dmitry and Egorov, Aleksey and Yesipova, Yelena and Glushkov, Igor and Karpachevskiy, Mikhail and Kostikova, Anna and Manisha, Alexander and Tsybikova, Ekaterina and Zhuravleva, Ilona},
  journal={Ecology and Society},
  volume={13},
  number={2},
  year={2008},
  publisher={The Resilience Alliance}
}

@Manual{raster,
  title  = {{raster: Geographic data analysis and modeling}},
  author = {Hijmans, Robert J. and {van Etten}, Jacob},
  year   = {2012},
  note   = {R~package version~2.0-41},
  url    = {http://CRAN.R-project.org/package=raster},
}

@Manual{Ripley2017class,
  title  = {{class: Functions for Classification}},
  author = {Ripley, Brian and Venables, William},
  year   = {2017},
  note   = {R~package version~7.3-14},
  url    = {http://CRAN.R-project.org/package=class},
}

@Manual{Ripley2017nnet,
  title  = {{nnet: Feed-Forward Neural Networks and Multinomial Log-Linear Models}},
  author = {Ripley, Brian and Venables, William},
  year   = {2017},
  note   = {R~package version~7.3-12},
  url    = {http://CRAN.R-project.org/package=nnet},
}

@Manual{ridgeway2010gbm,
  title  = {gbm: generalized boosted regression models},
  author = {Ridgeway, G},
  year   = {2017},
  note   = {R~package version~1.6-3.1},
  url    = {http://CRAN.R-project.org/package=gbm},
}

@article{friedman2002stochastic,
  title={Stochastic gradient boosting},
  author={Friedman, Jerome H},
  journal={Computational Statistics \& Data Analysis},
  volume={38},
  number={4},
  pages={367--378},
  year={2002},
  publisher={Elsevier}
}

@article{clements1936nature,
  title={Nature and structure of the climax},
  author={Clements, Frederic E},
  journal={Journal of ecology},
  volume={24},
  number={1},
  pages={252--284},
  year={1936},
  publisher={JSTOR}
}

@article{karger2017climatologies,
  title={Climatologies at high resolution for the earth’s land surface areas},
  author={Karger, Dirk Nikolaus and Conrad, Olaf and B{\"o}hner, J{\"u}rgen and Kawohl, Tobias and Kreft, Holger and Soria-Auza, Rodrigo Wilber and Zimmermann, Niklaus E and Linder, H Peter and Kessler, Michael},
  journal={Scientific data},
  volume={4},
  pages={170122},
  year={2017},
  publisher={Nature Publishing Group}
}

@article{mauser2015global,
  title={Global biomass production potentials exceed expected future demand without the need for cropland expansion},
  author={Mauser, Wolfram and Klepper, Gernot and Zabel, Florian and Delzeit, Ruth and Hank, Tobias and Putzenlechner, Birgitta and Calzadilla, Alvaro},
  journal={Nature communications},
  volume={6},
  pages={8946},
  year={2015},
  publisher={Nature Publishing Group}
}

@article{erb2017unexpectedly,
  title={Unexpectedly large impact of forest management and grazing on global vegetation biomass},
  author={Erb, Karl-Heinz and Kastner, Thomas and Plutzar, Christoph and Bais, Anna Liza S and Carvalhais, Nuno and Fetzel, Tamara and Gingrich, Simone and Haberl, Helmut and Lauk, Christian and Niedertscheider, Maria and Pongratz, Julia and Thurner, Martin and Luyssaert, Sebastiaan},
  Journal                  = {Nature},
  Year                     = {2017},
  Month                    = dec,
  Pages                    = {73--},
  Volume                   = {553},
  Publisher                = {Macmillan Publishers Limited, part of Springer Nature. All rights reserved.},
  doi                      = {10.1038/nature25138}
}

@Article{land6040067,
AUTHOR = {Molotoks, Amy and Kuhnert, Matthias and Dawson, Terence P. and Smith, Pete},
TITLE = {{Global Hotspots of Conflict Risk between Food Security and Biodiversity Conservation}},
JOURNAL = {Land},
VOLUME = {6},
YEAR = {2017},
NUMBER = {4},
ISSN = {2073-445X},
DOI = {10.3390/land6040067}
}

@Article{Biau2016,
author="Biau, G{\'e}rard and Scornet, Erwan",
title="A random forest guided tour",
journal="TEST",
year="2016",
month="Jun",
day="01",
volume="25",
number="2",
pages="197--227",
issn="1863-8260",
doi="10.1007/s11749-016-0481-7",
}

@article{brus2012statistical,
  title={Statistical mapping of tree species over Europe},
  author={Brus, DJ and Hengeveld, GM and Walvoort, DJJ and Goedhart, PW and Heidema, AH and Nabuurs, GJ and Gunia, K},
  journal={European Journal of Forest Research},
  volume={131},
  number={1},
  pages={145--157},
  year={2012},
  publisher={Springer}
}

@book{mitchell2014geospatial,
  title={{Geospatial Power Tools: GDAL Raster \& Vector Commands}},
  author={Mitchell, T. and {GDAL Developers}},
  isbn={9780989421713},
  year={2014},
  publisher={Locate Press}
}

@article{10.7717/peerj.2743,
 title = {Biodiversity data obsolescence and land uses changes},
 author = {Escribano, Nora and Ariño, Arturo H. and Galicia, David},
 year = 2016,
 month = dec,
 volume = 4,
 pages = {e2743},
 journal = {PeerJ},
 issn = {2167-8359},
 url = {https://doi.org/10.7717/peerj.2743},
 doi = {10.7717/peerj.2743}
}

@article{WilsonJetz2016,
    author = {Wilson, Adam M. AND Jetz, Walter},
    journal = {PLOS Biology},
    publisher = {Public Library of Science},
    title = {Remotely Sensed High-Resolution Global Cloud Dynamics for Predicting Ecosystem and Biodiversity Distributions},
    year = {2016},
    month = {03},
    volume = {14},
    url = {http://dx.doi.org/10.1371%2Fjournal.pbio.1002415},
    pages = {1-20},
    number = {3},
    doi = {10.1371/journal.pbio.1002415}
}

@article{pekel2016high,
  title={High-resolution mapping of global surface water and its long-term changes},
  author={Pekel, Jean-Fran{\c{c}}ois and Cottam, Andrew and Gorelick, Noel and Belward, Alan S},
  Journal                  = {Nature},
  Year                     = {2016},
  Month                    = {dec},
  Pages                    = {418--},
  Volume                   = {540},
  Publisher                = {Macmillan Publishers Limited, part of Springer Nature. All rights reserved.},
  doi                      = {10.1038/nature20584}
}

@Article{gmd-8-1991-2015,
AUTHOR = {Conrad, O. and Bechtel, B. and Bock, M. and Dietrich, H. and Fischer, E. and Gerlitz, L. and Wehberg, J. and Wichmann, V. and B\"ohner, J.},
TITLE = {System for Automated Geoscientific Analyses (SAGA) v. 2.1.4},
JOURNAL = {Geoscientific Model Development},
VOLUME = {8},
YEAR = {2015},
NUMBER = {7},
PAGES = {1991--2007},
DOI = {10.5194/gmd-8-1991-2015}
}

@article {Meyer2016EL,
author = {Meyer, Carsten and Weigelt, Patrick and Kreft, Holger},
title = {Multidimensional biases, gaps and uncertainties in global plant occurrence information},
journal = {Ecology Letters},
volume = {19},
number = {8},
issn = {1461-0248},
doi = {10.1111/ele.12624},
pages = {992--1006},
keywords = {Data bias, data deficiency, data uncertainty, Global Biodiversity Information Facility, Global Strategy for Plant Conservation, herbarium specimens, knowledge gaps, species distributions, survey effort, Wallacean shortfall},
year = {2016},
}


@article{leong2015remote,
  title={Remote sensing captures varying temporal patterns of vegetation between human-altered and natural landscapes},
  author={Leong, Misha and Roderick, George K},
  journal={PeerJ},
  volume={3},
  pages={e1141},
  year={2015},
  publisher={PeerJ Inc.}
}

@ARTICLE{Yesson2007PLOS,
  author = {Yesson, C. AND Brewer, P.~W. AND Sutton, T. AND Caithness, N. AND
	Pahwa, J.~S. AND Burgess, M. AND Gray, W.~A. AND White, R.~J. AND
	Jones, A.~C. AND Bisby, F.~A. AND Culham, A.},
  title = {{How Global Is the Global Biodiversity Information Facility?}},
  journal = {PLoS ONE},
  year = {2007},
  volume = {2},
  pages = {e1124},
  number = {11},
  month = {Nov},
  publisher = {Public Library of Science}
}

@BOOK{Chapman2005GBIF,
  title = {Principles of Data Quality, version 1.0.},
  publisher = {GBIF},
  series = {Report for the Global Biodiversity Information Facility},
  year = {2005},
  author = {Chapman, A. D.},
  pages = {61},
  address = {Copenhagen}
}

@article{sing2005rocr,
  title={{ROCR: visualizing classifier performance in R}},
  author={Sing, Tobias and Sander, Oliver and Beerenwinkel, Niko and Lengauer, Thomas},
  journal={Bioinformatics},
  volume={21},
  number={20},
  pages={3940--3941},
  year={2005},
  publisher={Oxford Univ Press}
}

@article{fluet2015development,
  title={Development of a global inundation map at high spatial resolution from topographic downscaling of coarse-scale remote sensing data},
  author={Fluet-Chouinard, Etienne and Lehner, Bernhard and Rebelo, Lisa-Maria and Papa, Fabrice and Hamilton, Stephen K},
  journal={Remote Sensing of Environment},
  volume={158},
  pages={348--361},
  year={2015},
  publisher={Elsevier}
}

@article{chen2015mxnet,
  title={{Mxnet: A flexible and efficient machine learning library for heterogeneous distributed systems}},
  author={Chen, Tianqi and Li, Mu and Li, Yutian and Lin, Min and Wang, Naiyan and Wang, Minjie and Xiao, Tianjun and Xu, Bing and Zhang, Chiyuan and Zhang, Zheng},
  journal={arXiv preprint},
  number={1512.01274},
  year={2015}
}

@article{shannon1949communication,
  title={Communication in the presence of noise},
  author={Shannon, Claude Elwood},
  journal={Proceedings of the IRE},
  volume={37},
  number={1},
  pages={10--21},
  year={1949},
  publisher={IEEE}
}

@article{breiman2001random,
  title={Random forests},
  author={Breiman, Leo},
  journal={Machine learning},
  volume={45},
  number={1},
  pages={5--32},
  year={2001},
  publisher={Springer}
}

@article{harrison2001palaeovegetation,
  title={Palaeovegetation (Communications arising): diversity of temperate plants in east Asia},
  author={Harrison, SP and Yu, G and Takahara, H and Prentice, IC},
  journal={Nature},
  volume={413},
  number={6852},
  pages={129--130},
  year={2001},
  publisher={Nature Publishing Group}
}

@book{kuhn2013applied,
  title={Applied predictive modeling},
  author={Kuhn, Max and Johnson, Kjell},
  year={2013},
  publisher={Springer},
  pages={595}
}

@article{JSSv028i05,
   author = {Max Kuhn},
   title = {{Building Predictive Models in R Using the caret Package}},
   journal = {Journal of Statistical Software},
   volume = {28},
   number = {1},
   year = {2008},
 issn = {1548-7660},
  pages = {1--26},
  doi = {10.18637/jss.v028.i05},
}

@book{san2016european,
  title={{European Atlas of forest tree species}},
  author={San-Miguel-Ayanz, Jes\'{u}s and {de Rigo}, Daniele and Caudullo, Giovanni and Houston Durrant, Tracy and Mauri, Achille},
  publisher={European Commission, Joint Research Centre},
  isbn={9789279528330},
  year={2016},
}

@article{newbold2016has,
  Title                    = {Has land use pushed terrestrial biodiversity beyond the planetary boundary? A global assessment},
  Author                   = {Newbold, Tim and Hudson, Lawrence N. and Arnell, Andrew P. and Contu, Sara and De Palma, Adriana and Ferrier, Simon and Hill, Samantha L. L. and Hoskins, Andrew J. and Lysenko, Igor and Phillips, Helen R. P. and Burton, Victoria J. and Chng, Charlotte W. T. and Emerson, Susan and Gao, Di and Pask-Hale, Gwilym and Hutton, Jon and Jung, Martin and Sanchez-Ortiz, Katia and Simmons, Benno I. and Whitmee, Sarah and Zhang, Hanbin and Scharlemann, J{\"o}rn P. W. and Purvis, Andy},
  Journal                  = {Science},
  Year                     = {2016},
  Number                   = {6296},
  Pages                    = {288--291},
  Volume                   = {353},
  Doi                      = {10.1126/science.aaf2201},
  ISSN                     = {0036-8075},
  Publisher                = {American Association for the Advancement of Science},
}

@article{omernik1987ecoregions,
  title={Ecoregions of the conterminous United States},
  author={Omernik, James M},
  journal={Annals of the Association of American geographers},
  volume={77},
  number={1},
  pages={118--125},
  year={1987},
  publisher={Taylor \& Francis}
}

@article{tian2016terrestrial,
  Title                    = {The terrestrial biosphere as a net source of greenhouse gases to the atmosphere},
  Author                   = {Tian, Hanqin and Lu, Chaoqun and Ciais, Philippe and Michalak, Anna M. and Canadell, Josep G. and Saikawa, Eri and Huntzinger, Deborah N. and Gurney, Kevin R. and Sitch, Stephen and Zhang, Bowen and Yang, Jia and Bousquet, Philippe and Bruhwiler, Lori and Chen, Guangsheng and Dlugokencky, Edward and Friedlingstein, Pierre and Melillo, Jerry and Pan, Shufen and Poulter, Benjamin and Prinn, Ronald and Saunois, Marielle and Schwalm, Christopher R. and Wofsy, Steven C.},
  Journal                  = {Nature},
  Year                     = {2016},
  Month                    = mar,
  Pages                    = {225--},
  Volume                   = {531},
  Publisher                = {Nature Publishing Group, a division of Macmillan Publishers Limited. All Rights Reserved.},
  doi                      = {10.1038/nature16946}
}

@book{veloso1992manual,
  title={Manual t{\'e}cnico da vegeta{\c{c}}{\~a}o brasileira},
  author={Veloso, Henrique Pimenta and Oliveira-Filho, LC and Vaz, AMSF and Lima, MPM and Marquete, R and Brazao, JEM},
  publisher={IBGE},
  address={Rio de Janeiro},
  year={1992},
}

@article{levavasseur2012statistical,
  title={Statistical modelling of a new global potential vegetation distribution},
  author={Levavasseur, G and Vrac, M and Roche, DM and Paillard, D},
  journal={Environmental Research Letters},
  volume={7},
  number={4},
  pages={044019},
  year={2012},
  publisher={IOP Publishing}
}

@article{levavasseur2013objective,
  title={An objective methodology for potential vegetation reconstruction constrained by climate},
  author={Levavasseur, G and Vrac, M and Roche, DM and Paillard, D and Guiot, J},
  journal={Global and planetary change},
  volume={104},
  pages={7--22},
  year={2013},
  publisher={Elsevier}
}

@article{cha1997impacts,
  title={The impacts of climate change on potential natural vegetation distribution},
  author={Cha, Gyungsoo},
  journal={Journal of Forest Research},
  volume={2},
  number={3},
  pages={147--152},
  year={1997},
  publisher={Springer}
}

@article{fan2013global,
  title={Global patterns of groundwater table depth},
  author={Fan, Y and Li, H and Miguez-Macho, G},
  journal={Science},
  volume={339},
  number={6122},
  pages={940--943},
  year={2013},
  publisher={American Association for the Advancement of Science}
}

@article{antonic2003spatial,
  title={Spatial distribution of main forest soil groups in Croatia as a function of basic pedogenetic factors},
  author={Antoni{\'c}, Oleg and Pernar, Nikola and Jelaska, Sven D},
  journal={Ecological modelling},
  volume={170},
  number={2},
  pages={363--371},
  year={2003},
  publisher={Elsevier}
}

@article{sykes1999quantifying,
  title={Quantifying the impact of global climate change on potential natural vegetation},
  author={Sykes, Martin T and Prentice, I Colin and Laarif, Fouzia},
  journal={Climatic Change},
  volume={41},
  number={1},
  pages={37--52},
  year={1999},
  publisher={Springer}
}

@article{hickler2012projecting,
  title={Projecting the future distribution of European potential natural vegetation zones with a generalized, tree species-based dynamic vegetation model},
  author={Hickler, Thomas and Vohland, Katrin and Feehan, Jane and Miller, Paul A and Smith, Benjamin and Costa, Luis and Giesecke, Thomas and Fronzek, Stefan and Carter, Timothy R and Cramer, Wolfgang and K{\"u}hn, Ingolf and Sykes, Martin T.},
  journal={Global Ecology and Biogeography},
  volume={21},
  number={1},
  pages={50--63},
  year={2012},
  publisher={Wiley Online Library}
}

@ARTICLE{Wright2016,
   author = {{Wright}, M.~N. and {Ziegler}, A.},
    title = "{ranger: A Fast Implementation of Random Forests for High Dimensional Data in C++ and R}",
  journal = {Journal of Statistical Software},
  volume = {7},
  issue = {1},
     year = {2017},
     pages = {18},
}

@article{cutler2007random,
  title={Random forests for classification in ecology},
  author={Cutler, D Richard and Edwards, Thomas C and Beard, Karen H and Cutler, Adele and Hess, Kyle T and Gibson, Jacob and Lawler, Joshua J},
  journal={Ecology},
  volume={88},
  number={11},
  pages={2783--2792},
  year={2007},
  publisher={Wiley Online Library}
}

@article {JVS:JVS631,
author = {Zimmermann, Niklaus E. and Kienast, Felix},
title = {Predictive mapping of alpine grasslands in Switzerland: Species versus community approach},
journal = {Journal of Vegetation Science},
volume = {10},
number = {4},
publisher = {Blackwell Publishing Ltd},
issn = {1654-1103},
url = {http://dx.doi.org/10.2307/3237182},
doi = {10.2307/3237182},
pages = {469--482},
year = {1999},
}

@article{lin2016does,
  title={Why does deep and cheap learning work so well?},
  author={Lin, Henry W and Tegmark, Max},
  journal={arXiv preprint arXiv:1608.08225},
  year={2016}
}

@book{sayre2014new,
  title={A new map of global ecological land units---an ecophysiographic stratification approach},
  author={Sayre, Roger and Dangermond, Jack and Frye, Charlie and Vaughan, Randy and Aniello, Peter and Breyer, Sean and Cribbs, Douglas and Hopkins, Dabney and Nauman, Richard and Derrenbacher, William and Wright, D. and Brown, C. and Convis, C. and Smith, J. and Benson, L. and Paco, D. and VanSistine, H. and Warner, J. and Cress, J. and Danielson, S. and Hamann, T. and Cecere, A. and Reddy, D. and Burton, A. and Grosse, D. and True, M. and Metzger, J. and Hartmann, N. and Moosdorf, H. and D{\"u}rr, M. and Paganini, P. and DeFourny, O. and Arino, S. and Maynard, M. and Anderson, and Comer, P.},
  publisher={USGS / Association of American Geographers},
  address={Washington, DC},
  year={2014},
  pages={46},
}

@book{hijmans2016species,
  title={Species distribution modeling with R},
  author={Hijmans, Robert J and Elith, Jane},
  publisher={Environmental Science and Policy, University of California},
  year={2018}
}

@article{prasad2006newer,
  title={Newer classification and regression tree techniques: bagging and random forests for ecological prediction},
  author={Prasad, Anantha M and Iverson, Louis R and Liaw, Andy},
  journal={Ecosystems},
  volume={9},
  number={2},
  pages={181--199},
  year={2006},
  publisher={Springer}
}

@BOOK{Venables2002Springer,
  title = {{Modern applied statistics with S}},
  publisher = {Springer-Verlag},
  year = {2002},
  author = {Venables, W.~N. and Ripley, B.~D.},
  pages = {481},
  address = {New York},
  edition = {4th}
}

@article{elith2009species,
  title={Species distribution models: ecological explanation and prediction across space and time},
  author={Elith, Jane and Leathwick, John R},
  journal={Annual Review of Ecology, Evolution, and Systematics},
  volume={40},
  number={1},
  pages={677},
  year={2009}
}

@article{guisan2000predictive,
  title={Predictive habitat distribution models in ecology},
  author={Guisan, Antoine and Zimmermann, Niklaus E},
  journal={Ecological modelling},
  volume={135},
  number={2},
  pages={147--186},
  year={2000},
  publisher={Elsevier}
}

@article{prentice1998biome,
  title={Biome 6000: Reconstructing global mid-Holocene vegetation patterns from palaeoecological records},
  author={Prentice, I Colin and Webb III, Thompson},
  journal={Journal of Biogeography},
  volume={25},
  number={6},
  pages={997--1005},
  year={1998},
  publisher={Wiley Online Library}
}


